%% This BibTeX bibliography file was created using BibDesk.
%% http://bibdesk.sourceforge.net/


%% Created for Salvador Aguinaga at 2013-09-05 06:50:50 -0400 


%% Saved with string encoding Unicode (UTF-8) 



@misc{meller-md-intro,
	Annote = {Cornell University, Ithaca, New York, USA Nicholas Copernicus University,
 Torun ÃÅ, Poland},
	Author = {Jarosaw Meller},
	Date-Added = {2013-09-05 10:46:15 +0000},
	Date-Modified = {2013-09-05 10:49:55 +0000},
	Howpublished = {http://dasher.wustl.edu/chem478/reading/md-intro-1.pdf},
	Title = {Molecular Dynamics}}
